see ~/Biblio/spatial_proteomics.bib
